<?xml version="1.0" encoding="UTF-8" ?><marc:collection xmlns:marc="http://www.loc.gov/MARC21/slim" xmlns:xsi="http://www.w3.org/2001/XMLSchema-instance" xsi:schemaLocation="http://www.loc.gov/MARC21/slim http://www.loc.gov/standards/marcxml/schema/MARC21slim.xsd">
<marc:record><marc:leader>03743cam a2200541Ii 4500</marc:leader>
<marc:controlfield tag="001">b12466281</marc:controlfield>
<marc:controlfield tag="003">UaCaAUL</marc:controlfield><marc:controlfield tag="005">20190618024208.0</marc:controlfield><marc:controlfield tag="008">011108m18909999le            000 0 arar </marc:controlfield><marc:datafield tag="010" ind1=" " ind2=" "><marc:subfield code="a">73266582</marc:subfield></marc:datafield><marc:datafield tag="035" ind1=" " ind2=" "><marc:subfield code="a">(OCoLC)48384889</marc:subfield></marc:datafield><marc:datafield tag="040" ind1=" " ind2=" "><marc:subfield code="a">DLC</marc:subfield><marc:subfield code="b">eng</marc:subfield><marc:subfield code="c">ZCU</marc:subfield><marc:subfield code="e">rda</marc:subfield><marc:subfield code="d">OCLCQ</marc:subfield><marc:subfield code="d">OCLCG</marc:subfield><marc:subfield code="d">OCLCA</marc:subfield><marc:subfield code="d">OCLCQ</marc:subfield></marc:datafield><marc:datafield tag="049" ind1=" " ind2=" "><marc:subfield code="a">MAIN</marc:subfield></marc:datafield><marc:datafield tag="050" ind1=" " ind2="4"><marc:subfield code="a">PJ7601</marc:subfield><marc:subfield code="b">.N3x 1890</marc:subfield></marc:datafield><marc:datafield tag="050" ind1="0" ind2=" "><marc:subfield code="a">PJ7631</marc:subfield><marc:subfield code="b">.A16</marc:subfield></marc:datafield><marc:datafield tag="066" ind1=" " ind2=" "><marc:subfield code="c">(3</marc:subfield></marc:datafield><marc:datafield tag="090" ind1=" " ind2=" "><marc:subfield code="a">PJ7601</marc:subfield><marc:subfield code="b">.N3x 1890</marc:subfield></marc:datafield><marc:datafield tag="100" ind1="1" ind2=" "><marc:subfield code="6">880-01</marc:subfield><marc:subfield code="a">Nājim, ʻAbd al-Raḥmān,</marc:subfield><marc:subfield code="d">active 19th century.</marc:subfield></marc:datafield><marc:datafield tag="240" ind1="1" ind2="0"><marc:subfield code="6">880-02</marc:subfield><marc:subfield code="a">Hadīyat al-umam wa-yanbūʻ al-ādāb wa-al-ḥikam.</marc:subfield></marc:datafield><marc:datafield tag="245" ind1="1" ind2="0"><marc:subfield code="6">880-03</marc:subfield><marc:subfield code="a">Kitāb Hadīyat al-umam wa-yanbūʻ al-ādāb wa-al-ḥikam /</marc:subfield><marc:subfield code="c">taʼlīf ḥaḍrat al-ʻālim al-fāḍil wa-al-jahbadh al-naḥrīr al-kāmil ʻizzatlū ʻAbd al-Raḥmān Nājim, afandī, al-muddaʻī al-ʻumūmī fī wilāyit Bayrūt al-jalīlah.</marc:subfield></marc:datafield><marc:datafield tag="246" ind1="3" ind2="0"><marc:subfield code="6">880-04</marc:subfield><marc:subfield code="a">Hadīyat al-umam wa-yanbūʻ al-ādāb wa-al-ḥikam.</marc:subfield></marc:datafield><marc:datafield tag="264" ind1=" " ind2="1"><marc:subfield code="6">880-05</marc:subfield><marc:subfield code="a">Bayrūt :</marc:subfield><marc:subfield code="b">ṭubiʻ fī Maṭbaʻat Jarīdat Bayrūt,</marc:subfield><marc:subfield code="c">1308 Hijrīyah [1890 or 1891]-</marc:subfield></marc:datafield><marc:datafield tag="300" ind1=" " ind2=" "><marc:subfield code="a">volumes ;</marc:subfield><marc:subfield code="c">23 cm.</marc:subfield></marc:datafield><marc:datafield tag="336" ind1=" " ind2=" "><marc:subfield code="a">text</marc:subfield><marc:subfield code="b">txt</marc:subfield><marc:subfield code="2">rdacontent.</marc:subfield></marc:datafield><marc:datafield tag="337" ind1=" " ind2=" "><marc:subfield code="a">unmediated</marc:subfield><marc:subfield code="b">n</marc:subfield><marc:subfield code="2">rdamedia.</marc:subfield></marc:datafield><marc:datafield tag="338" ind1=" " ind2=" "><marc:subfield code="a">volume</marc:subfield><marc:subfield code="b">nc</marc:subfield><marc:subfield code="2">rdacarrier.</marc:subfield></marc:datafield><marc:datafield tag="500" ind1=" " ind2=" "><marc:subfield code="6">880-06</marc:subfield><marc:subfield code="a">Bi-rukhṣat Niẓārat al-Maʻārif al-jalīlah.</marc:subfield></marc:datafield><marc:datafield tag="500" ind1=" " ind2=" "><marc:subfield code="6">880-07</marc:subfield><marc:subfield code="a">Ḥuqūq al-ṭabʻ maḥfūẓah li-Idārat Jarīdat Bayrūt.</marc:subfield></marc:datafield><marc:datafield tag="500" ind1=" " ind2=" "><marc:subfield code="6">880-08</marc:subfield><marc:subfield code="a">At head of title &quot;Ṭughrāʼ&quot;: ʻAbd al-Ḥamīd Khān ibn ʻAbd al-Majīd al-Muẓaffar dāʼiman al-Ghāzī.</marc:subfield></marc:datafield><marc:datafield tag="500" ind1=" " ind2=" "><marc:subfield code="a">Decorated title page.</marc:subfield></marc:datafield><marc:datafield tag="500" ind1=" " ind2=" "><marc:subfield code="6">880-09</marc:subfield><marc:subfield code="a">&quot;Wa-kāna khitām ṭabʻ hādhā al-juzʼ al-nafīs fī awāʼil Dhī al-Qiʻdah al-ḥarām min shuhūr ʻām  tisʻ wa-thalāthumāyah wa-alf min al-Hijrah&quot;--Colophon.</marc:subfield></marc:datafield><marc:datafield tag="505" ind1="1" ind2=" "><marc:subfield code="6">880-10</marc:subfield><marc:subfield code="a">Kitāb al-awwal. Fī al-ʻilm wa-al-ʻaql wa-al-adab wa-al-ḥikmah wa-al-balāghah wa-al-faṣāḥah wa-al-khaṭṭ wa-al-kitābah wa-al-shiʻr wa-al-madḥ wa-al-hijāʼ wa-mā-yushābihuhā --</marc:subfield></marc:datafield><marc:datafield tag="650" ind1=" " ind2="0"><marc:subfield code="a">Arabic poetry</marc:subfield><marc:subfield code="v">Selections.</marc:subfield></marc:datafield><marc:datafield tag="650" ind1=" " ind2="0"><marc:subfield code="a">Arabic literature</marc:subfield><marc:subfield code="v">Selections.</marc:subfield></marc:datafield><marc:datafield tag="880" ind1="1" ind2="0"><marc:subfield code="6">240-02/(3/r</marc:subfield><marc:subfield code="a">هدية الأمم وينبوع الآداب والحكم.</marc:subfield></marc:datafield><marc:datafield tag="880" ind1="1" ind2=" "><marc:subfield code="6">100-01/(3/r</marc:subfield><marc:subfield code="a">ناجم، عبدالرحمن،،‪</marc:subfield><marc:subfield code="d">active 19th century.</marc:subfield></marc:datafield><marc:datafield tag="880" ind1="1" ind2="0"><marc:subfield code="6">245-03/(3/r</marc:subfield><marc:subfield code="a">كتاب هدية المم وينبوع الآداب والحكم /‪</marc:subfield><marc:subfield code="c">تأليف حضرة العالم الفاضل والجهبذ النحرير الكامل عزتلو عبد الرحمن ناجم، افندي، المدعي العمومي في ولاية بيروت الجليلة..</marc:subfield></marc:datafield><marc:datafield tag="880" ind1="3" ind2="0"><marc:subfield code="6">246-04/(3/r</marc:subfield><marc:subfield code="a">هدية الأمم وينبوع الآداب والحكم.</marc:subfield></marc:datafield><marc:datafield tag="880" ind1=" " ind2="1"><marc:subfield code="6">264-05/(3/r</marc:subfield><marc:subfield code="a">بيروت :‪</marc:subfield><marc:subfield code="b">طبع في مطبعة جريدة بيروت،‪</marc:subfield><marc:subfield code="c">1308 هجرية [1890أو1891]-</marc:subfield></marc:datafield><marc:datafield tag="880" ind1=" " ind2=" "><marc:subfield code="6">500-06/(3/r</marc:subfield><marc:subfield code="a">برخصة نظارة المعارف الجليلة..</marc:subfield></marc:datafield><marc:datafield tag="880" ind1=" " ind2=" "><marc:subfield code="6">500-07/(3/r</marc:subfield><marc:subfield code="a">حقوق الطبع محفوظة لإدارة جريدة بيروت..</marc:subfield></marc:datafield><marc:datafield tag="880" ind1=" " ind2=" "><marc:subfield code="6">500-08/(3/r</marc:subfield><marc:subfield code="a">At head of title &quot;طغراء&quot;: عبد الحميد خان بن عبد المجيد المظفر دائما الغازي..</marc:subfield></marc:datafield><marc:datafield tag="880" ind1=" " ind2=" "><marc:subfield code="6">500-09/(3/r</marc:subfield><marc:subfield code="a">&quot;وكان ختام طبع هذه الجزء النفيس في اوائل ذي القعدة الحرام من شهور عام  تسع وثلاثماية وألف من الهجره&quot;Colophon.</marc:subfield></marc:datafield><marc:datafield tag="880" ind1="1" ind2=" "><marc:subfield code="6">505-10/(3/r</marc:subfield><marc:subfield code="a">كتاب الأول. في العلم والعقل والأدب والحكمة والبلاغة والفصاحة والخط والكتابة والشعر والمدح والهجاء ومايشابهها --.</marc:subfield></marc:datafield><marc:datafield tag="907" ind1=" " ind2=" "><marc:subfield code="a">.b12466281</marc:subfield><marc:subfield code="b">main </marc:subfield></marc:datafield><marc:datafield tag="902" ind1=" " ind2=" "><marc:subfield code="a">190624</marc:subfield></marc:datafield><marc:datafield tag="998" ind1=" " ind2=" "><marc:subfield code="b">1</marc:subfield><marc:subfield code="c">000625</marc:subfield><marc:subfield code="d">m</marc:subfield><marc:subfield code="e">~</marc:subfield><marc:subfield code="f">-</marc:subfield><marc:subfield code="g">0</marc:subfield><marc:subfield code="k">TA</marc:subfield></marc:datafield><marc:datafield tag="945" ind1=" " ind2=" "><marc:subfield code="l">main </marc:subfield><marc:subfield code="u">v.v.1</marc:subfield></marc:datafield></marc:record>
</marc:collection>
